@article{einstein,
    author = "Albert Einstein",
    title = "{Zur Elektrodynamik bewegter K{\"o}rper}. ({German})
    [{On} the electrodynamics of moving bodies]",
    journal = "Annalen der Physik",
    volume = "322",
    number = "10",
    pages = "891--921",
    year = "1905",
    DOI = "http://dx.doi.org/10.1002/andp.19053221004",
    keywords = "physics"
}

@online{software_serial_lib,
  author = {Arduino},
  title = {ArduinoCore-avr},
  year = {2018},
  url = {https://github.com/arduino/ArduinoCore-avr/blob/master/libraries/SoftwareSerial/src/SoftwareSerial.h},
}

@online{servo_lib,
  author = {Arduino Libraries},
  title = {Servo},
  year = {2018},
  url = {https://github.com/arduino-libraries/Servo},
}

@online{uno_pinout,
  author = {Arduino},
  title = {A000066-full-pinout.pdf},
  url = {https://docs.arduino.cc/resources/pinouts/A000066-full-pinout.pdf},
}

@online{uno_specs,
  author = {Arduino},
  title = {UNO R3 | Arduino Documentation},
  url = {https://docs.arduino.cc/resources/datasheets/A000066-datasheet.pdf},
}

@online{mega_datasheet,
  author = {Arduino},
  title = {A000067-datasheet.pdf},
  url = {https://docs.arduino.cc/resources/datasheets/A000067-datasheet.pdf},
}

@online{arduino_ide,
  author = {Arduino},
  title = {Software | Arduino},
  url = {https://www.arduino.cc/en/software},
}

@online{arduino_ide_doc,
  author = {Arduino},
  title = {Arduino IDE | Arduino Documentation},
  url = {https://docs.arduino.cc/software/ide/#ide-v2},
}

@online{android_studio_doc,
  author = {Google},
  title = {Meet Android Studio  |  Android Developers},
  url = {https://developer.android.com/studio/intro},
}

@online{blynk_doc,
  author = {Blynk},
  title = {Blynk Documentation},
  url = {https://docs.blynk.io/en},
}

@online{easyEda_doc,
  author = {EasyEDA},
  title = { About EasyEDA},
  url = {https://easyeda.com/page/about},
}

@online{avr_atmega2560,
  author = {Atmel},
  title = {ATmega640/1280/1281/2560/2561 datasheet},
  url = {https://ww1.microchip.com/downloads/en/devicedoc/atmel-2549-8-bit-avr-microcontroller-atmega640-1280-1281-2560-2561_datasheet.pdf},
}

@online{lib_dht,
  author = {Adafruit Industries},
  title = {DHT-sensor-library},
  url = {https://github.com/adafruit/DHT-sensor-library},
}

@online{lib_key,
  author = {Mark Stanley, Alexander Brevig},
  title = {Keypad library for Arduino},
  url = {https://github.com/Chris--A/Keypad?tab=readme-ov-file},
}

@online{lib_lcd,
  author = {Frank de Brabander},
  title = {LiquidCrystal\_I2C},
  url = {https://github.com/johnrickman/LiquidCrystal_I2C?tab=readme-ov-file},
}

@online{lib_mq2,
  author = {Adrià Labay},
  title = {MQ-2 sensor library},
  url = {https://github.com/labay11/MQ-2-sensor-library},
}

@online{lib_bmp280,
  author = {Adafruit Industries},
  title = {Adafruit BMP280 Driver (Barometric Pressure Sensor)},
  url = {https://github.com/adafruit/Adafruit_BMP280_Library/tree/master},
}

@online{lib_wire,
  author = {Arduino},
  title = {Arduino AVR Boards},
  url = {https://github.com/arduino/ArduinoCore-avr/tree/master/libraries/Wire},
}

@online{lib_servo,
  author = {Arduino},
  title = {Servo Library for Arduino},
  url = {https://github.com/arduino-libraries/Servo},
}

@online{nodemcu_ard,
  author = {Arduino},
  title = {NodeMCU ESP8266 — Arduino Official Store},
  url = {https://store.arduino.cc/products/nodemcu-esp8266},
}

@online{nodemcu_datasheet,
  author = {Espressif Systems},
  title = {ESP8266EX Datasheet},
  url = {https://www.espressif.com/sites/default/files/documentation/0a-esp8266ex_datasheet_en.pdf},
}

@online{lib_blynk,
  author = {Blynk IoT platform},
  title = {blynk-library},
  url = {https://github.com/blynkkk/blynk-library/blob/master/src/BlynkSimpleEsp8266.h},
}

@online{lib_esp,
  author = {ESP8266 Community Forum},
  title = {esp8266/Arduino: ESP8266 core for Arduinot},
  url = {https://github.com/esp8266/Arduino},
}

@online{templ_blynk,
  author = {Blynk},
  title = {Blynk.Console},
  url = {https://blynk.cloud/dashboard/102521/templates},
}



@online{blynk_browser,
    author    = {Blynk Examples},
    title     = {Blynk Example Browser},
    url       = {https://examples.blynk.cc/?board=ESP8266&shield=ESP8266%20WiFi&example=GettingStarted%2FBlynkBlink},
}

@online{marhsmallow,
    author    = {Android},
    title     = {Android – Marshmallow},
    url       = {https://www.android.com/versions/marshmallow-6-0/},
}

@online{bt_api,
    author    = {Google},
    title     = {Android Developers - Bluetooth API},
    url       = {https://developer.android.com/reference/android/bluetooth/package-summary},
}

@online{bt_perm,
    author    = {Google},
    title     = {Android Developers- Bluetooth permissions},
    url       = {https://developer.android.com/develop/connectivity/bluetooth/bt-permissions},
}

@online{bt_transfer,
    author    = {Google},
    title     = {Android Developers- Transfer Bluetooth data},
    url       = {https://developer.android.com/develop/connectivity/bluetooth/transfer-data},
}


@online{uart_poza,
    author    = {Bill Marshall},
    title     = {Catching a Bus: Basic Serial Communication Part 1, the UART},
    url       = {https://www.rs-online.com/designspark/catching-a-bus-basic-serial-communication-part-1-the-uart},
    year      = {2020},
}

@online{mega_poza,
    author    = {Bitmi},
    title     = {Placa de dezvoltare Arduino Mega2560 Rev3 | Bitmi.ro},
    url       = {https://www.bitmi.ro/electronica/placa-de-dezvoltare-originala-arduino-mega2560-rev3-11144.html},
}

@online{nodemcu_poza,
    author    = {***},
    url       = {https://www.campuscomponent.com/products/esp8266-nodemcu-wifi-development-board/2208614000001865343},
}

@online{hc05_poza,
    author    = {***},
    url       = {https://circuitcraze.in.net/?product=hc-06-4pin-bluetooth-module-slave-without-reset-switch},
}
https://forum.arduino.cc/t/project-not-working/1256789/9

@online{lcd_poza,
    author    = {***},
    url       = {https://forum.arduino.cc/t/project-not-working/1256789/9},
}

@online{key_poza,
    author    = {***},
    url       = {https://bluepackventures.com/product/1011/},
}

@online{releu_poza,
    author    = {***},
    url       = {https://www.aliexpress.com/i/1005004687088303.html},
}

@online{bmp_poza,
    author    = {***},
    url       = {https://forum.arduino.cc/t/bme280-frustration/418250},
}

@online{dht_poza,
    author    = {***},
    url       = {https://ardushop.ro/en/electronics/619-dht11-digital-temperature-and-humidity-sensor-module.html},
}

@online{mq_poza,
    author    = {***},
    url       = {https://circuit-electronics.com/product/smoke-sensor-mq2-digital-analog/},
}

@online{senzlum_poza,
    author    = {***},
    url       = {https://www.optimusdigital.ro/ro/senzori-senzori-optici/167-modul-cu-fotorezistor.html?search_query=fotorezistor&results=9},
}

@online{pir_poza,
    author    = {***},
    url       = {https://forum.arduino.cc/t/how-to-turn-on-small-3-5v-motor-using-a-pyro-electric-sensor/232555/3},
}

@online{ultras_poza,
    author    = {***},
    url       = {https://www.optimusdigital.ro/ro/senzori-senzori-ultrasonici/9-senzor-ultrasonic-hc-sr04-.html},
}

@online{servo_poza,
    author    = {***},
    url       = {https://rc-est.eu/en/shop/electronics/electronics-radio-communication/servos/tower-pro-digital-servo-sg90/},
}

@online{buzzer_poza,
    author    = {***},
    url       = {https://forum.arduino.cc/t/buzzer-affects-led-and-serial-monitor-output/673117},
}

@online{led_poza,
    author    = {***},
    url       = {https://amicus.com.sg/index.php?route=product/product&product_id=5362},
}

@online{sursa_poza,
    author    = {***},
    url       = {https://ampul.eu/en/adapter-power-supply/257-power-supply-12v-2a-55x21mm},
}

@online{vent_poza,
    author    = {***},
    url       = {https://www.tme.eu/en/details/mb60251vx-a99/dc12v-fans/sunon/mb60251vx-000u-a99/},
}

@online{bech7_poza,
    author    = {***},
    url       = {https://www.walmart.com/ip/Low-Beam-Headlight-Bulb-Compatible-with-2001-2009-2011-2018-Volvo-S60-2002-2003-2004-2005-2006-2007-2008-2012-2013-2014-2015-2016-2017/5095074847},
}

@online{fiabilitate_curs,
    author    = {Versavia Ancușa},
    title     = {Curs Fiabilitatea sistemelor de calcul},
    url       = {https://cv.upt.ro/course/view.php?id=1624},
}

@online{fiabilitate_curs,
    author    = {Versavia Ancușa},
    title     = {Curs Fiabilitatea sistemelor de calcul},
    url       = {https://cv.upt.ro/course/view.php?id=1624},
}

@online{fault_tolerant,
    author    = {Behrooz Parhami},
    title     = {Fault-Tolerant Computing},
    url       = {https://web.ece.ucsb.edu/Faculty/Parhami/ece_257a.htm},
}

@article{riffat,
  title={Monitoring of renewable energy systems by IoT-aided SCADA system},
  author={Qays, Md Ohirul and Ahmed, Musse M and Parvez Mahmud, MA and Abu-Siada, Ahmed and Muyeen, SM and Hossain, Md Liton and Yasmin, Farhana and Rahman, Md Momtazur},
  journal={Energy Science \& Engineering},
  volume={10},
  number={6},
  pages={1874--1885},
  year={2022},
  publisher={Wiley Online Library}
}

@article{pena2020uart,
  title={Uart: A hardware communication protocol understanding universal asynchronous receiver/transmitter},
  author={Pe{\~n}a, Eric and Legaspi, Mary Grace},
  journal={Visit Analog},
  volume={54},
  number={4},
  pages={1--5},
  year={2020}
}

@article{xu2023design,
  title={Design and Simulation of IIC based on FPGA},
  author={Xu, Weiting},
  journal={Highlights in Science, Engineering and Technology},
  volume={53},
  pages={26--30},
  year={2023}
}

@article{bisdikian2001overview,
  title={An overview of the Bluetooth wireless technology},
  author={Bisdikian, Chatschik},
  journal={IEEE Communications magazine},
  volume={39},
  number={12},
  pages={86--94},
  year={2001},
  publisher={IEEE}
}

@article{chernukhin2014new,
  title={New challenges to information security caused by the introduction of Wi-Fi technologies},
  author={Chernukhin, Ihor},
  journal={Information \& Security},
  volume={31},
  number={1},
  pages={79},
  year={2014},
  publisher={ProCon Ltd.}
}

@article{hiertz2010ieee,
  title={The IEEE 802.11 universe},
  author={Hiertz, Guido R and Denteneer, Dee and Stibor, Lothar and Zang, Yunpeng and Costa, Xavier P{\'e}rez and Walke, Bernhard},
  journal={IEEE Communications Magazine},
  volume={48},
  number={1},
  pages={62--70},
  year={2010},
  publisher={IEEE}
}